% Encoding: UTF-8

@Article{RoPaWi2004,
  author  = {Paul W. K. Rothemund and Nick Papadakis and Erik WInfree},
  title   = {Algorithmic Self-Aseembly of {DNA} Sierpinski Triangles},
  journal = {PLoS Biol.},
  year    = {2004},
  volume  = {2},
  number  = {12},
  pages   = {e424},
}

@PhdThesis{EvansPhD,
  author = {Constantine G. Evans},
  title  = {Crystals That Count! Physical Principles and Experimental Investigations of {DNA} Tile Self-Assembly},
  school = {California Institute of Technology},
  year   = {2014},
}

@Article{GeRoAn2014,
  author  = {Cody Geary and Paul W. K. Rothemund and Ebbe S. Andersen},
  title   = {A Single-Stranded Architecture for Cotranscriptional Folding of {RNA} Nanostructures},
  journal = {Science},
  year    = {2014},
  volume  = {345},
  number  = {6198},
  pages   = {799-804},
}

@InProceedings{GeMeScSe2016,
  author    = {Cody Geary and Pierre-Etienne Meunier and Nicolas Schabanel and Shinnosuke Seki},
  title     = {Programming Biomolecules that Fold Greedily during Transcription},
  booktitle = {Proc. MFCS 2016},
  year      = {2016},
  volume    = {58},
  series    = {LIPIcs},
  pages     = {43:1-43:14},
}

@InCollection{Patitz2016,
  author    = {Matthew J. Patitz},
  title     = {Self-Assembly of Fractals},
  booktitle = {Encyclopedia of Algorithms},
  publisher = {Springer},
  year      = {2016},
  pages     = {1918-1922},
}

@Unpublished{GeMeScSe2017,
  author = {Cody Geary and Pierre-Etienne Meunier and Nicolas Schabanel and Shinnosuke Seki},
  title  = {Oritatami Cotranscriptional Folding is {T}uring Universal},
  note   = {In preparation},
}

@InProceedings{HaKiOtSe2016,
  author    = {Yo-Sub Han and Hwee Kim and Makoto Ota and Shinnosuke Seki},
  title     = {Nondeterministic Seedless Oritatami Systems and Hardness of Testing Their Equivalence},
  booktitle = {Proc. DNA 22},
  year      = {2016},
  number    = {9818},
  series    = {LNCS},
  pages     = {19-34},
}

@Comment{jabref-meta: databaseType:bibtex;}
