%% This BibTeX bibliography file was created using BibDesk.
%% http://bibdesk.sourceforge.net/

%% Created for YUSEI MASUDA at 2017-09-10 17:12:27 +0900 


%% Saved with string encoding Unicode (UTF-8) 



@inproceedings{HaKiOtSe2016,
	Author = {Yo-Sub Han and Hwee Kim and Makoto Ota and Shinnosuke Seki},
	Booktitle = {Proc. 22nd International Conference on {DNA} Computing and Molecular Programming (DNA22)},
	Date-Added = {2017-09-10 08:10:31 +0000},
	Date-Modified = {2017-09-10 08:12:13 +0000},
	Pages = {19-34},
	Publisher = {Springer},
	Series = {LNCS},
	Title = {Nondeterministic Seedless Oritatami Systems and Hardness of Testing Their Equivalence},
	Volume = {9818},
	Year = {2016}}
